
@online{SNAPdata,
  key =          {SNAP},
  year  =        2009,
  title =        "Stanford Large Network Dataset Collection",
  url =          "https://snap.stanford.edu/data/index.htmll",
  lastaccessed = "October 28, 2019",
}



@online{SNAPdev,
  key =          {SNAPd},
  year  =        2009,
  title =        "SNAP Library 5.0, Developer Reference",
  url =          "https://snap.stanford.edu/snap/doc/snapdev-ref/",
  lastaccessed = "October 28, 2019",
}

@online{Gephi,
  key =          {Gephi},
  year  =        2017,
  title =        "Supported Graph Formats",
  url =          "https://gephi.org/users/supported-graph-formats/",
  lastaccessed = "October 30, 2019",
}


@online{git,
  key =          {git},
  author =  "alberto911",
  year  =        2015,
  title =        "exportGraphs",
  url =         " https://github.com/alberto911/exportGraphs/commit/e61455c521b7b3bcf45a6c677862d65a2fec8bb8",
  lastaccessed = "October 23, 2019",
}